@inproceedings{hester2009generalized,
  title={Generalized model learning for reinforcement learning in factored domains},
  author={Hester, Todd and Stone, Peter},
  booktitle={Proceedings of The 8th International Conference on Autonomous Agents and Multiagent Systems-Volume 2},
  pages={717--724},
  year={2009},
  organization={International Foundation for Autonomous Agents and Multiagent Systems}
}